<collection xmlns="http://www.loc.gov/MARC21/slim">
<record>
  <leader>01111nam0a2200181 i 450 </leader>
  <controlfield tag="001">IT\ICCU\CNCE\063504</controlfield>
  <controlfield tag="005">20130424000000.0</controlfield>
  <datafield tag="012" ind1=" " ind2=" ">
    <subfield code="a">o.o. aale didi o-e- (C) 1531 (Q)</subfield>
    <subfield code="2">fei</subfield>
  </datafield>
  <datafield tag="100" ind1=" " ind2=" ">
    <subfield code="a">20060103f1531        0itac0103    ba</subfield>
  </datafield>
  <datafield tag="101" ind1=" " ind2=" ">
    <subfield code="a">ITA</subfield>
  </datafield>
  <datafield tag="102" ind1=" " ind2=" ">
    <subfield code="a">IT</subfield>
  </datafield>
  <datafield tag="200" ind1="1" ind2=" ">
    <subfield code="a">Mostri horrendi nuouamente nati, vno nel contado di Bologna, l&apos;altro nella Alamagna bassa. Donde Giesu Christo redentore nostro ce ammonisce de l&apos;ira che tene sopra noi per le atrocissime offese, che ogni giorno se gli fanno, massimamente circa la quasi persa religione. Fate adunque o lettori miei, di prouedere alli casi vostri con le opere de veri christiani altrimenti presto presto, et dolentemente sentirete vn&apos;\!!acerbissimo castigo, at forsi l&apos;sterminio vostro dal furore d&apos;iddio, al quale non trouarete riparo alcuno: manco il gloriosissimo santo Pietro principe de li apostoli aprira piu le porte del paradiso</subfield>
  </datafield>
  <datafield tag="210" ind1=" " ind2=" ">
    <subfield code="d">\1531?!</subfield>
  </datafield>
  <datafield tag="215" ind1=" " ind2=" ">
    <subfield code="a">\2! c.</subfield>
    <subfield code="c">ill.</subfield>
    <subfield code="d">4ʻ</subfield>
  </datafield>
  <datafield tag="300" ind1=" " ind2=" ">
    <subfield code="a">La data si ricava dal testo</subfield>
  </datafield>
  <datafield tag="712" ind1="0" ind2="2">
    <subfield code="a">s.n.</subfield>
    <subfield code="3">IT\ICCU\CNCT\000002</subfield>
    <subfield code="4">650</subfield>
  </datafield>
  <datafield tag="801" ind1=" " ind2="3">
    <subfield code="a">IT</subfield>
    <subfield code="b">ICCU</subfield>
    <subfield code="c">20201115</subfield>
  </datafield>
  <datafield tag="899" ind1=" " ind2=" ">
    <subfield code="a">Biblioteca Palatina. Parma</subfield>
    <subfield code="1">PR0072</subfield>
    <subfield code="2">PAR PA</subfield>
  </datafield>
</record>
</collection>
